@Article{calhoun:2011,
  title =        {Hypothesis testing for linear regression when
                  \textit{k}/\textit{n} is large},
  author =       {Gray Calhoun},
  journal =      {Journal of Econometrics},
  volume =       165,
  number =       2,
  year =         2011,
  pages =        {163-174}
}

@TechReport{calhoun:a,
  author =       {Gray Calhoun},
  title =        {Block bootstrap consistency under weak assumptions},
  type =         {Working Paper},
  Institution =  {Iowa State University},
  year =         2014,
  number =       11017,
  note =         {Revise and resubmit at \textit{Econometric Theory}}
}

@TechReport{calhoun:b,
  title =        {Out-of-Sample Comparisons of Overfit Models},
  author =       {Gray Calhoun},
  year =         2014,
  type =         {Working Paper},
  institution =  {Iowa State University},
  number =       11002,
  note =         {Revise and resubmit at \textit{Quantitative
                  Economics}}
}

@Unpublished{calhoun:c,
  author =       {Gray Calhoun},
  title =        {Improved stepdown methods for asymptotic control of
                  generalized error rates},
  year =         2014,
  note =         {Revise and resubmit at \textit{Journal of
                  Econometrics}}
}

@Unpublished{calhoun:d,
  title =        {An asymptotically normal out-of-sample test based on
                  mixed estimation windows},
  author =       {Gray Calhoun},
  year =         2015,
  note =         {Revise and resubmit at \textit{Econometrica}}
}

@Unpublished{calhoun:e,
  title =        {A simple block bootstrap for asymptotically normal
                  out-of-sample test statistics},
  year =         2015,
  author =       {Gray Calhoun},
  note =         {Working paper}
}

@Unpublished{calhoun:f,
  title =        {A graphical analysis of causality in the
                  {R}einhart-{R}ogoff dataset},
  year =         2015,
  author =       {Gray Calhoun},
  note =         {Submitted to \textit{Contemporary Economic Policy}},
}

@Unpublished{calhoun:g,
  title =        {Graphing better {I}mpulse {R}esponse {F}unctions for
                  discrete-time linear models},
  year =         2015,
  author =       {Calhoun, Gray and Pruitt, Seth},
  note =         {Working paper},
}
